@article{kerbosch,
       author={Coen Bron and Joep Kerbosch},
       title={Finding All Cliques of an Undirected Graph},
       journal={CACM},
       volume={16},
       year = 1973,
       issue={9}
     }

@online{robson,
author = {J. M. Robson},
title = {Finding a maximum independent set in time O(2n/4)},
url = {http://www.win.tue.nl/~gwoegi/AC/karp-1971.pdf}
}

@online{karp,
author = {Richard Karp},
title = {Reducibility Among Combinatorial Problems},
url = {http://www.win.tue.nl/~gwoegi/AC/karp-1971.pdf}
}
@online{bron-kerbosch,
author = {Alessio Conte},
title = {Review of the Bron-Kerbosch algorithm and variations},
url = {http://www.dcs.gla.ac.uk/~pat/jchoco/clique/enumeration/report.pdf}
}

@online{tomita,
author = {Etsuji Tomita},
title = {The worst-case time complexity for generating all maximal cliques
and computational experiments},
url = {http://snap.stanford.edu/class/cs224w-readings/tomita06cliques.pdf}
}

@online{jgrapht,
author = {Barak Naveh},
title = {JGraphT},
url = {https://github.com/jgrapht/jgrapht}
}

@online{dimacs,
title = {DIMACS Benchmark Set},
url = {http://iridia.ulb.ac.be/~fmascia/maximum_clique/}
}

@online{bioinf,
title = {Efficient Algorithms for Finding Maximum und Maximal Cliques},
url = {http://bit.ly/17UXTCP}
}

@online{dimacs_format,
title = {DIMACS standard format},
url = {http://mat.gsia.cmu.edu/COLOR/general/ccformat.ps}
}

@online{rx,
author = {Netflix},
title = {RxJava},
url = {https://github.com/Netflix/RxJava/wiki}
}

@incollection{Kar72,
  added-at = {2006-11-06T22:06:28.000+0100},
  author = {Karp, R.},
  biburl = {http://www.bibsonomy.org/bibtex/21fa7a672ce72ed916311dc52e5a93038/lysander07},
  booktitle = {Complexity of Computer Computations},
  editor = {Miller, R. and Thatcher, J.},
  interhash = {427e5bfc8069f94f57c5d43b6fd85949},
  intrahash = {1fa7a672ce72ed916311dc52e5a93038},
  keywords = {imported XMLTage2006-2},
  pages = {85--103},
  publisher = {Plenum Press},
  timestamp = {2006-11-06T22:06:28.000+0100},
  title = {Reducibility among combinatorial problems},
  year = 1972
}

@online{weissteinClique,
    author   = {Weisstein, Eric W.},
    title    = {Clique},
    subtitle = {From MathWorld--A Wolfram Web Resource},
    note     = {Ostatnia wizyta 11/01/14},
    url      = {http://mathworld.wolfram.com/Clique.html}
}